4366 5454
1086 405 1126 465 211

296 601 329 667 C.
361 602 487 675 Matii,
516 604 554 667 de
588 622 648 684 quo
676 603 896 679 1911191215,
928 608 1116 670 5accurate
1140 609 1297 690 exposuit.
1328 609 1460 691 epistola
1486 609 1533 685 11,
1562 611 1601 673 27
1625 630 1702 693 pure
1725 622 1819 695 atque
1843 615 2002 696 eleganter

210 688 387 771 conscripta
409 694 465 752 est.
511 687 602 752 Solus
625 694 732 753 tamen
755 690 859 770 paullo
892 690 1055 756 audaciore
1077 694 1261 774 metaphora
1284 699 1420 758 aetatem
1442 696 1753 779 praecipitatam
1778 699 1864 763 dixit.
1911 699 2000 778 Quod

209 772 227 855 g
250 776 270 836 3
293 773 386 837 dixit:
415 773 525 855 Neque
553 775 636 838 enim
665 772 828 838 Caesarem
856 776 894 838 in
921 776 1177 843 dissensione
1201 779 1312 841 cirili
1335 798 1404 843 snm
1427 783 1563 856 secutus,
1587 781 1647 844 etsi
1670 782 1698 845 ei
1721 801 1792 846 cnm
1815 787 1998 866 aequalibus

209 877 373 923 commune
402 863 458 927 est,
488 864 595 923 tamen
627 860 703 923 dnos
735 860 946 925 aForcellin.
979 863 1108 927 omissos
1142 864 1226 928 locos
1259 864 1372 928 addere
1399 865 1489 930 libet:
1519 863 1605 930 Caes.
1638 868 1667 929 b.
1691 886 1717 929 c.
1743 871 1769 942 1,
1794 870 1833 932 67
1863 870 2000 934 incivili

208 944 398 1009 dissensione
430 949 462 1007 et
485 942 565 1008 Cael.
590 964 636 1027 ep.
662 945 689 1021 8,
724 948 772 1017 14,
803 949 822 1008 ‘d
848 947 881 1010 in
911 948 1101 1011 dissensione
1133 949 1311 1012 domestica.
1358 951 1404 1014 De
1436 950 1619 1015 soloecismo
1648 971 1718 1027 ,non
1750 974 1864 1025 vereor,
1893 975 1932 1018 ne
1959 991 2000 999 -

207 1030 343 1094 valitura
365 1030 426 1103 sit,
450 1047 543 1108 supra
567 1031 685 1094 mentio
712 1030 795 1095 iacta
818 1039 875 1095 est.

293 1114 385 1177 Libro
420 1114 602 1179 duodecimo
630 1117 830 1180 continentur
860 1117 938 1180 duae
968 1118 1117 1199 epistolae
1149 1117 1181 1182 C.
1200 1117 1319 1193 Cassii,
1352 1139 1413 1184 nna
1441 1120 1474 1182 L.
1505 1120 1617 1196 Cassii,
1650 1123 1729 1186 dnae
1765 1124 1904 1200 Lentuli,
1937 1146 1998 1189 una

208 1200 362 1263 Trebonii.
397 1200 500 1281 Atque
524 1200 554 1262 in
579 1201 718 1283 epistolis
741 1200 774 1265 C.
797 1201 943 1275 Cassii,
973 1203 1025 1283 qui
1042 1203 1123 1265 idem
1142 1205 1190 1269 15.
1212 1204 1249 1267 19
1270 1206 1462 1289 conscripsit,
1483 1207 1559 1269 nihil
1579 1215 1636 1280 est,
1660 1209 1743 1288 quod
1762 1210 1801 1272 ab
1820 1212 1999 1292 aequalium

208 1303 349 1349 sermone
373 1285 536 1368 discrepet.
582 1285 696 1350 Contra
720 1288 751 1350 in
775 1287 907 1368 epistola
930 1289 1023 1351 tertia
1045 1289 1174 1357 decima,
1205 1309 1299 1370 quarn
1322 1291 1444 1355 Krause
1468 1296 1499 1354 et
1524 1291 1717 1370 Wesenberg
1740 1313 1801 1356 non
1826 1294 1909 1368 Caio,
1944 1298 1999 1359 sed

207 1369 303 1434 Lucio
327 1370 433 1433 Cassio
456 1372 643 1443 attribuunt,
668 1373 838 1455 compluria
862 1372 892 1435 id
917 1393 1014 1453 genus
1042 1375 1250 1438 inveniuntur.
1297 1377 1471 1457 hisquae
1503 1396 1596 1459 snpra
1628 1382 1866 1443 commemoravi
1891 1380 1998 1461 (digne

207 1475 252 1527 ac,
277 1456 334 1519 tibi
358 1456 458 1531 vacat)
482 1456 562 1519 arddo
578 1458 595 1533 ξ
610 1460 629 1519 2
646 1477 707 1520 non
726 1458 905 1531 minimum,
930 1478 1024 1539 qnam
1041 1453 1195 1537 irrrizrro
1224 1460 1377 1543 Nepotem
1403 1462 1617 1543 frequentasse
1636 1469 1770 1533 constat,
1794 1465 1835 1527 ib.
1859 1456 1997 1547 proxime

207 1540 264 1605 hos
286 1541 349 1604 cari
373 1539 576 1622 (quamquam
601 1541 662 1606 Cic.
686 1544 751 1625 ipse
775 1543 853 1606 dixit
876 1543 912 1605 de
936 1543 992 1607 Off.
1013 1549 1041 1619 tt,
1067 1545 1084 1606 i
1112 1546 1247 1626 proxime
1271 1552 1376 1609 autern
1400 1551 1431 1610 et
1450 1547 1621 1611 secundnm
1644 1548 1742 1629 deos).
1766 1548 1784 1628 ἓ
1808 1553 1998 1631 lequattuor

206 1627 341 1690 millium
366 1627 541 1706 equitatum
565 1654 605 1679 =
630 1632 779 1708 quattuor
801 1629 897 1692 millia
920 1631 1070 1709 equitum.

291 1712 451 1775 Lentuli
483 1731 657 1776 sermonem
685 1715 724 1777 ab
756 1712 871 1776 llrellio
903 1715 1112 1796 vituperatum
1145 1736 1211 1779 esse
1243 1737 1335 1799 snpra
1369 1717 1583 1781 indicavimus.
1628 1718 1705 1781 biibi
1736 1720 1860 1800 quidem
1884 1723 1993 1794 multa,

206 1816 285 1880 quae
308 1816 369 1859 non
393 1797 469 1860 salis
493 1804 575 1861 recte
598 1798 681 1861 dicta
704 1805 787 1874 sunt,
811 1801 900 1878 culpa
924 1800 1121 1863 librariorum
1146 1808 1213 1865 orta
1238 1821 1304 1865 esse
1320 1803 1472 1865 videntur.
1507 1803 1645 1880 Quorum
1661 1806 1844 1867 nonnullaa
1864 1805 1994 1869 Wesen-

205 1882 311 1962 bergio
343 1882 507 1946 emendata
532 1890 614 1958 snrrt,
638 1885 692 1948 cir.
720 1887 767 1956 12,
793 1887 841 1953 lai,
865 1884 883 1964 ξ
909 1887 920 1946 l
949 1888 979 1949 et
1003 1885 1020 1963 ,ξ
1044 1891 1072 1947 ll.
1118 1887 1235 1950 Locum
1259 1889 1458 1969 desperatum
1482 1888 1498 1967 {d
1522 1892 1542 1950 4
1564 1888 1700 1969 Madvig.
1724 1890 1851 1953 Advers.
1870 1892 1937 1953 crit.
1955 1891 1995 1965 ll,

205 1968 268 2031 234
291 1986 400 2030 sanare
424 1969 546 2031 studuit
570 1971 664 2032 baec
687 1969 716 2031 in
741 1989 796 2041 ac,
828 1980 1011 2043 gerentes
1034 1972 1065 2032 in
1089 1978 1248 2051 gerunt.
1278 1977 1415 2036 nostra
1444 1993 1484 2034 ex
1517 1978 1627 2054 parte
1658 1975 1689 2035 in
1720 1994 1787 2037 nos
1818 1977 1997 2057 accipere

204 2057 320 2135 portu
344 2054 524 2117 mutando*
541 2090 581 2097 -
598 2059 682 2132 latrare
706 2055 737 2116 in
760 2076 807 2135 ep.
833 2055 872 2117 14
887 2056 1088 2118 irrveninntur
1111 2057 1282 2121 locutiones
1305 2058 1494 2139 reliquias
1523 2059 1710 2138 colligere
1742 2067 1772 2122 ct
1806 2061 1873 2123 rel.
1899 2080 1968 2123 con
1983 2094 1997 2105 ·

206 2138 316 2219 scepei
341 2138 372 2218 lq·
399 2141 410 2200 l
440 2144 485 2204 ,ut
508 2141 652 2220 reliquias
675 2141 736 2202 mei
761 2141 873 2203 laboris
896 2142 1092 2221 colligerem,
1117 2145 1134 2221 g·
1159 2146 1177 2201 Γ»
1202 2145 1393 2228 ,prinsquam
1417 2143 1561 2224 reliquias
1592 2163 1679 2206 meae
1710 2145 1889 2224 diligentiae
1924 2165 1997 2209 con·

206 2223 342 2304 sequar‘l
365 2245 383 2287 a
406 2223 569 2287 Forcellini
594 2232 625 2288 ot
648 2224 784 2306 Georgos
808 2227 939 2290 omissae
968 2233 1050 2290 sunt.
1097 2226 1187 2291 Solus
1217 2229 1366 2291 hentnlus
1399 2229 1556 2303 negotia
1590 2229 1757 2292 efficere
1792 2250 1846 2312 pro
1878 2232 1995 2294 usitato

206 2310 341 2389 ,negotia
364 2310 525 2374 facessere
549 2310 660 2375 dixisse
683 2311 806 2374 videtur
830 2310 935 2392 laquem
965 2313 1068 2374 locum
1097 2310 1233 2393 Georges
1265 2314 1498 2396 praetermisit).

291 2395 336 2457 De
367 2395 553 2460 'l'rebonio
586 2397 640 2460 eir.
673 2418 724 2461 err.
748 2417 827 2478 quae
851 2396 970 2460 Teuffel
1000 2397 1072 2462 21111.
1105 2400 1123 2459 ll
1147 2398 1327 2480 disputavit.
1373 2399 1447 2462 Eius
1471 2399 1603 2480 epistola
1626 2419 1686 2461 non
1710 2400 1902 2479 ineleganter
1925 2421 1995 2464 con·

205 2480 322 2562 scripta
349 2481 381 2543 in
411 2500 470 2545 usu
502 2483 722 2547 verbornmeo
746 2482 865 2546 differt.
890 2483 970 2563 quod
995 2484 1079 2545 solus
1103 2483 1218 2563 1111111·
1245 2488 1258 2547 l
1285 2485 1346 2547 noli
1380 2490 1490 2566 putare
1523 2503 1572 2546 me
1595 2485 1668 2547 hoc
1698 2485 1877 2547 antibus
1908 2488 1995 2548 tuis

204 2565 301 2628 dare
324 2563 385 2649 (ap.
410 2565 497 2631 Caes.
523 2569 549 2630 b.
575 2589 599 2631 c.
625 2569 717 2634 2.·17
742 2569 877 2638 ,auribus
901 2568 1023 2631 servire·
1048 2567 1174 2648 exstat),
1209 2570 1290 2650 quod
1314 2569 1330 2647 ,ξ
1355 2573 1373 2631 2
1396 2571 1519 2651 pleno
1552 2568 1685 2648 gradu
1708 2589 1726 2632 a
1749 2588 1781 2632 re
1804 2570 1930 2632 militari
1955 2572 1993 2632 ad

205 2651 309 2717 studia
325 2653 501 2718 litterarum
518 2654 704 2729 transduxit,
728 2653 777 2733 §3
790 2654 891 2734 prisco
914 2654 1005 2716 verbo
1022 2654 1307 2717 concionandi
1332 2673 1406 2718 usus
1420 2660 1477 2720 est.
1500 2653 1632 2734 denique
1656 2655 1816 2735 pusilla
1827 2675 1859 2716 m
1881 2655 1993 2718 laxa-

203 2738 333 2801 menti
358 2738 444 2811 dixit,
474 2739 556 2819 quod
580 2738 696 2802 Seneca
720 2741 824 2802 rhetor
846 2739 877 2800 in
902 2757 993 2801 nsum
1016 2758 1107 2801 suom
1130 2741 1291 2802 convertit.

289 2822 382 2886 Libro
414 2827 524 2905 quinto
554 2823 673 2887 decimo
697 2830 821 2907 praeter
843 2822 876 2886 C.
901 2821 998 2887 Cassii
1021 2825 1151 2899 litteras,
1175 2844 1308 2905 qnmum
1332 2844 1425 2907 snpra
1448 2824 1639 2888 mentionem
1662 2824 1801 2898 fecimus,
1835 2825 1992 2904 perbrevis

204 2910 335 2995 epistola
365 2910 407 2972 Μ.
439 2909 566 2973 Catonis
589 2910 776 2974 continetur.
830 2909 867 2971 In
889 2909 978 2972 cnius
1000 2909 1151 2991 principio
1175 2911 1376 2990 singulariter
1407 2911 1527 2974 dictum
1550 2914 1613 2972 est:
1656 2914 1690 2971 nt
1725 2913 1833 2971 trram
1858 2909 1993 2971 virtu·

204 3001 302 3070 tem,
341 2995 649 3059 innocentiam.
686 2995 960 3072 diligentiam
1000 3029 1038 3037 —
1081 2997 1146 3076 pari
1186 2995 1338 3058 industria
1376 2995 1674 3058 administrari
1707 2993 1878 3073 gaudeam,
1911 2995 1994 3075 quod

204 3079 338 3145 Orellius
369 3080 606 3163 interpretatur:
637 3102 654 3144 a
686 3085 717 3143 te
747 3079 895 3152 adhiberi,
925 3080 1078 3142 collocari.
1124 3081 1244 3143 Deinde
1267 3078 1283 3159 ς’
1308 3081 1326 3141 2
1350 3080 1570 3160 gratulari
1604 3079 1774 3143 secundum
1806 3081 1993 3143 vetustiores

204 3166 379 3248 scriptores,
410 3171 446 3229 ut
476 3166 619 3241 Ennium,
650 3164 850 3237 Terentium,
880 3165 963 3227 idem
993 3171 1040 3228 est
1068 3172 1161 3246 atque
1186 3166 1313 3245 ,gratias
1332 3172 1442 3245 agere.
1486 3164 1575 3243 Quod
1594 3170 1699 3228 autern
1729 3163 1844 3226 ibidem
1875 3163 1993 3244 snppli-

203 3252 357 3317 cationem
378 3252 579 3332 triumphi
602 3250 927 3333 praerogativam
946 3250 1032 3321 dixit,
1049 3270 1066 3312 a
1083 3249 1228 3314 Cicerone
1245 3251 1311 3332 ipso
1328 3250 1405 3313 illud
1422 3252 1549 3314 verbmn
1565 3250 1717 3313 translate
1733 3252 1920 3330 usurpatum
1934 3256 1992 3311 est.

288 3337 324 3399 ln
348 3337 480 3419 epistola
503 3336 719 3400 Ciceronis
743 3336 757 3399 l
764 3336 833 3398 ilii
858 3338 905 3409 lb',
930 3334 966 3396 21
994 3344 1118 3417 praeter
1136 3356 1181 3406 ea,
1206 3355 1284 3417 qnae
1308 3355 1402 3417 supra
1425 3335 1744 3409 cvrnrmenroravimns
1775 3335 1875 3397 multa
1909 3346 1992 3406 snut,

203 3442 282 3505 qnae
306 3424 344 3486 ab
368 3423 545 3505 aequalium
568 3441 709 3485 sermone
733 3421 917 3504 discrepent.
956 3419 1039 3483 Nam
1063 3422 1207 3502 primum,
1232 3421 1373 3502 quamvis
1390 3422 1471 3503 apud
1492 3419 1672 3485 Ciceronem
1688 3420 1789 3500 ipsum
1809 3417 1861 3499 (de
1878 3418 1945 3481 Fin.
1966 3420 1991 3491 l,

203 3506 258 3590 18)
290 3508 497 3589 ,intercapedo
528 3508 699 3571 molestiae·
731 3507 912 3590 reperiatur.
945 3512 1049 3569 tamen
1079 3526 1170 3569 nemo
1207 3506 1573 3588 intercapedinem
1607 3505 1737 3568 alicuius
1773 3505 1816 3567 rei
1851 3503 1993 3567 lacere

204 3592 290 3657 dixit.
335 3592 407 3657 Jam
432 3612 502 3656 vero
526 3592 584 3673 §2
618 3592 872 3656 buccinator
899 3591 1136 3655 existimationis
1167 3592 1251 3655 solus
1281 3592 1316 3661 is,
1348 3591 1401 3671 qni
1433 3593 1490 3655 has
1514 3592 1636 3654 litteras
1659 3589 1805 3662 exaravit,
1840 3589 1992 3651 translate

201 3679 373 3761 usurpavit.
420 3678 539 3742 Deinde
562 3680 579 3758 {d
603 3680 622 3740 4
646 3678 829 3741 vocabulum
852 3677 1138 3741 convictionis
1174 3677 1232 3740 etsi
1256 3676 1338 3759 apud
1362 3674 1542 3739 Ciceronem
1573 3675 1677 3756 ipsum
1708 3674 1746 3737 ad
1770 3671 1876 3752 Quint.
1902 3674 1938 3737 fr.
1967 3675 1992 3745 l,

204 3766 232 3842 1,
256 3767 285 3840 4,
309 3763 326 3844 ξ
351 3765 390 3826 12
414 3766 526 3831 exstat,
549 3769 654 3827 tamen
674 3764 734 3826 alia
758 3762 983 3843 significatione
1007 3762 1183 3843 praeditum
1207 3768 1264 3837 est,
1288 3781 1344 3825 vox
1368 3766 1475 3825 autem
1498 3759 1765 3824 convictoris
1789 3758 1871 3841 apud
1892 3759 1993 3820 Hora-

202 3849 283 3915 tium
306 3850 432 3912 demum
451 3853 482 3912 et
505 3854 670 3927 argenteae
686 3849 801 3913 aetatis
818 3849 985 3930 scriptores
1008 3848 1171 3910 invenitur.
1217 3847 1358 3928 Denique
1374 3846 1427 3924 §b
1451 3844 1735 3927 suspicionem
1758 3846 1993 3924 importare

203 3954 258 4018 pro
281 3935 408 3998 usitatis
431 3934 626 3998 contionibus
649 3954 732 4015 susp.
756 3952 878 3997 movere
901 3931 1004 4013 (Cret,
1027 3931 1139 3995 inferre
1164 3932 1305 3999 lCaesari
1330 3931 1467 4013 positum
1491 3937 1547 3994 est.

287 4020 450 4084 Postremo
473 4019 554 4101 quod
587 4020 617 4081 in
642 4039 688 4103 ep.
712 4020 820 4097 (quinti
849 4017 1004 4081 Ciceronis
1036 4019 1084 4089 lo,
1115 4021 1156 4081 211
1187 4019 1356 4096 lagenas
1389 4017 1606 4080 exsiccare
1639 4018 1749 4086 exstat,
1783 4011 1879 4074 etiam
1909 4012 1993 4094 apud

201 4105 372 4169 Horatium
395 4112 427 4169 et
450 4104 599 4169 Senecam
621 4105 785 4169 invenitur.

288 4191 335 4254 De
363 4192 406 4255 eis
437 4190 560 4263 litteris,
591 4209 669 4270 quae
699 4190 855 4253 volumine
887 4188 1090 4270 epistolarum
1122 4188 1160 4251 ad
1185 4189 1327 4251 Atticum
1351 4188 1497 4250 datarum
1520 4185 1728 4259 continentur,
1762 4182 1894 4245 breviori
1916 4182 1993 4244 mihi

203 4295 270 4340 esse
293 4276 384 4352 licet,
415 4276 568 4358 siqnidem
591 4293 708 4357 paucae
732 4275 875 4354 interque
898 4291 950 4336 eas
980 4273 1146 4336 nonnullae
1177 4273 1345 4337 admodum
1368 4272 1475 4335 breves
1498 4274 1582 4333 sunt.
1616 4271 1721 4351 Atque
1744 4269 1776 4331 in
1798 4267 1938 4331 Caesaris
1962 4269 1993 4327 91

202 4359 343 4444 Pompeii
375 4362 516 4445 epistolis
547 4360 599 4438 (ad
623 4363 690 4424 Att.
722 4361 750 4434 8,
786 4360 820 4420 11
848 4361 875 4420 A
906 4362 938 4420 et
961 4357 993 4431 C,
1027 4359 1075 4430 12,
1106 4360 1144 4431 A,
1177 4358 1213 4432 Β,
1244 4356 1276 4432 C,
1307 4358 1348 4434 D)
1370 4355 1448 4418 nihil
1470 4372 1597 4436 prorsus
1620 4357 1677 4429 est,
1706 4353 1787 4435 quod
1811 4373 1828 4416 a
1852 4368 1992 4415 sermone

204 4445 361 4512 Ciceronis
390 4448 522 4520 differat,
554 4447 636 4525 quod
664 4445 747 4508 idem
777 4444 814 4507 de
838 4441 975 4515 Antonii,
1009 4440 1101 4504 blatii
1131 4445 1162 4504 91
1185 4442 1333 4514 Trebatii,
1357 4440 1447 4503 Balbi
1476 4440 1614 4522 epistolis
1640 4439 1762 4503 videtur
1791 4434 1994 4500 statuendum

204 4550 283 4597 ease.
328 4532 409 4595 Nam
433 4532 514 4613 qnod
547 4533 575 4605 8,
608 4533 656 4600 16,
687 4533 723 4593 A.
758 4530 772 4590 1
808 4529 925 4593 Balbus
960 4526 1093 4608 ,suscipe
1123 4545 1230 4591 curam
1260 4529 1291 4589 et
1326 4525 1557 4606 cogitationem‘
1585 4525 1678 4598 dixit,
1718 4540 1787 4586 cum
1819 4524 1993 4584 ceterorum

205 4636 347 4682 sermone
364 4617 552 4689 consentit,
583 4616 737 4698 siquidem
765 4615 796 4677 in
820 4613 852 4678 C.
877 4613 975 4678 Cassii
999 4632 1046 4693 ep.
1072 4613 1120 4686 12,
1151 4613 1199 4687 12,
1225 4614 1240 4674 1
1266 4615 1383 4675 exstat:
1408 4630 1533 4691 gravem
1556 4628 1663 4674 curam
1686 4606 1868 4689 suscepisse,
1891 4607 1923 4669 in
1946 4625 1993 4688 ep.

207 4701 348 4767 Caesaris
370 4702 409 4766 ad
433 4706 500 4766 Att.
524 4704 553 4777 9,
577 4703 606 4777 8,
629 4700 662 4766 C.
688 4702 701 4762 l
729 4700 766 4763 de
785 4699 835 4763 his
857 4701 950 4762 rebus
974 4716 1050 4777 rogo
1073 4717 1136 4771 vos,
1160 4703 1196 4760 ut
1218 4697 1440 4777 cogitationem
1461 4694 1646 4776 suscipiatis,
1669 4693 1701 4756 in
1717 4691 1874 4757 Ciceronis
1896 4691 1993 4772 ipsius

205 4806 252 4870 ep.
269 4787 307 4852 ad
331 4790 397 4852 Att.
424 4788 473 4862 14,
498 4790 548 4861 20,
573 4790 592 4850 4
615 4786 748 4867 qnaeris,
772 4790 808 4849 ut
832 4784 1002 4866 suscipiam
1025 4783 1255 4863 cogitationem,
1279 4781 1428 4862 quidnam
1450 4780 1518 4844 istis
1540 4779 1696 4860 egendum
1718 4783 1835 4862 putem.

272 4974 284 5000 *
303 4973 378 5039 Quod
396 4988 479 5041 supra
496 4970 584 5037 omisi,
596 4970 621 5022 h.
636 4969 652 5022 l.
666 4984 841 5024 commemoro
860 4969 886 5021 in
900 4984 942 5034 op.
956 4964 1062 5018 lentuli
1081 4964 1113 5018 ad
1133 4972 1257 5017 senatum
1271 4964 1331 5018 data
1349 4972 1473 5032 quattuor
1490 4963 1582 5033 plenas
1599 4965 1695 5016 lormaa
1713 4960 1851 5013 vorborum
1870 4958 1995 5011 inveniri.

1018 5155 1092 5169 ‘mestus
1096 5152 1153 5168 &Wx
1156 5152 1234 5168 '5151'va
1239 5153 1251 5167 1⁴
1254 5154 1283 5168 αι’
1293 5154 1304 5168 κ
