4366 5454
289 1599 395 1716 Quo
434 1630 672 1710 sermone
695 1595 770 1726 ei,
808 1595 898 1731 qni
933 1595 996 1708 ed
1033 1595 1329 1711 Ciceronem
1365 1595 1570 1708 litteras
1607 1594 1873 1725 dederunt,
1911 1700 1916 1711 .

957 1768 1039 1879 usi
1075 1767 1197 1881 sint.

259 2008 375 2122 (deero
399 2056 437 2120 ad
462 2055 596 2119 Paetum
620 2053 689 2136 (Ep.
715 2050 768 2130 lx,
792 2052 847 2119 211
872 2053 997 2117 scribit:
1022 2053 1102 2132 Quid
1125 2054 1183 2117 tibi
1206 2073 1262 2136 ego
1285 2054 1391 2119 videor
1414 2056 1445 2118 in
1469 2052 1631 2137 epistolis?
1665 2073 1792 2117 rrenne
1814 2054 1969 2136 plebeio

175 2164 365 2214 sermono
389 2162 505 2226 agere
529 2146 681 2207 tecum?
714 2161 771 2205 nee
794 2142 876 2205 enim
899 2160 1020 2224 semper
1043 2141 1152 2207 eodem
1173 2142 1284 2217 mod03
1316 2144 1390 2225 quid
1414 2144 1496 2208 enim
1519 2143 1618 2207 simile
1641 2143 1737 2206 habet
1759 2141 1891 2225 epistole
1913 2146 1970 2205 ant

180 2233 293 2299 iudicio
309 2234 365 2296 aut
380 2229 543 2294 concioni?
567 2229 642 2308 quin
656 2228 725 2310 ipsa
741 2226 854 2290 iudicia
867 2246 930 2291 non
946 2228 1082 2304 solemus
1101 2230 1205 2292 omnia
1222 2233 1359 2293 tractare
1377 2249 1439 2293 uno
1453 2229 1563 2293 modo:
1587 2229 1725 2312 privates
1741 2245 1852 2291 causas
1868 2230 1900 2290 et
1917 2244 1969 2292 eas

181 2325 291 2385 tenues
303 2317 425 2399 agimus
442 2315 598 2390 subtilius,
614 2313 725 2394 capitis
742 2315 797 2376 aut
817 2312 918 2376 lamae
937 2312 1056 2378 scilicet
1071 2314 1229 2389 ornatius,
1248 2315 1439 2396 epistolas
1456 2334 1547 2378 vero
1566 2313 1818 2395 quotidianis
1836 2313 1969 2377 verbis

182 2411 313 2470 tencre
335 2402 517 2466 solemus.
563 2399 664 2478 Quem
684 2398 736 2463 bic
759 2395 865 2462 Cicero
889 2398 965 2462 dicit
987 2399 1143 2479 plebeium
1166 2418 1350 2475 sermonem,
1384 2397 1573 2464 Stinnerus*
1595 2398 1641 2463 ita
1667 2400 1902 2499 interpretatur,
1933 2403 1970 2462 ut

181 2492 303 2555 statuat
325 2504 532 2564 ,communem
556 2485 656 2549 omnis
679 2483 800 2566 generis
822 2485 1025 2566 epistolarum
1049 2501 1158 2548 earum
1180 2484 1316 2567 quidem,
1346 2504 1425 2568 (puae
1447 2504 1519 2550 vere
1541 2485 1686 2549 dicantur
1708 2484 1867 2567 epistolae,
1901 2503 1970 2548 eam

181 2595 248 2641 esse
271 2570 539 2648 consuetudinem,
562 2575 599 2634 ut
621 2587 762 2634 sermone
789 2570 890 2650 magis
923 2569 1104 2650 quotidiano
1135 2571 1168 2633 in
1196 2571 1233 2634 iis
1264 2571 1436 2635 scribendis
1462 2580 1590 2636 utemur
1621 2589 1712 2653 quam
1736 2569 1878 2634 inlibris
1901 2570 1969 2634 aliis

179 2662 273 2726 ullis}
317 2658 475 2722 Nimirum
498 2659 530 2721 et
553 2656 589 2731 ei,
613 2656 668 2738 qui
688 2655 771 2719 inter
793 2674 826 2719 se
849 2655 1090 2719 confabulantur
1112 2659 1144 2720 et
1161 2657 1198 2732 ei,
1222 2657 1275 2737 qni
1291 2657 1439 2740 epistolas
1455 2657 1606 2734 scribunt,
1629 2657 1661 2720 in
1684 2656 1787 2719 rerbis
1810 2655 1968 2736 eligendis

181 2744 350 2820 struendis,
374 2742 562 2808 collocandis
584 2742 716 2825 simplex
740 2739 862 2805 dicendi
885 2758 985 2820 genus
1007 2743 1237 2806 consectentur.
1283 2741 1444 2807 Summam
1466 2762 1538 2807 vero
1562 2742 1811 2825 disputationum
1842 2756 1970 2806 suarum

181 2833 264 2896 idern
288 2852 318 2914 p.
342 2830 380 2893 21
406 2827 553 2912 proponit
574 2828 622 2892 his
646 2827 748 2891 verbis
770 2845 861 2891 usus:
885 2826 955 2903 ,hoc
977 2830 1085 2891 tamen
1107 2863 1147 2871 -
1170 2831 1370 2911 perspectum
1393 2827 1488 2893 fuerit
1517 2827 1719 2892 Ciceroniana
1746 2827 1872 2909 quidem
1902 2845 1969 2890 esse

180 2917 327 2991 dicenda,
358 2933 436 2997 qnae
466 2913 617 2997 epistolae
647 2911 803 2977 Ciceronis
831 2912 880 2976 vel
913 2912 1068 2977 thesauris
1099 2914 1225 2994 linguae
1252 2914 1368 2977 latinae
1398 2916 1445 2978 rel
1476 2915 1536 2978 arti
1568 2919 1601 2978 et
1632 2913 1843 2998 praeceptioni
1871 2911 1969 2976 latine

182 3002 335 3067 scribendi
358 3000 538 3084 praebeant,
568 3002 603 3063 at
623 2999 670 3063 ita
692 2995 903 3072 Ciceroniana,
934 3002 971 3062 ut
993 2998 1121 3081 propius
1144 2999 1262 3076 abesse,
1287 3000 1313 3062 si
1334 3001 1468 3065 volueris
1491 3018 1679 3080 comparare,
1703 2998 1861 3083 permulta
1883 2997 1969 3062 dices

181 3087 220 3152 ab
239 3086 332 3150 linnii
354 3085 506 3169 poematis
528 3085 577 3149 vel
598 3083 705 3149 Plauti
727 3087 760 3148 et
782 3083 919 3147 Terentii
940 3081 1055 3148 fabulis
1077 3083 1239 3148 Horatiire
1268 3085 1463 3151 sermonibus
1495 3085 1706 3169 epistolisque,
1738 3104 1832 3166 quam
1860 3086 1899 3148 ab
1923 3103 1969 3162 ea,

180 3193 243 3255 qua
259 3171 366 3237 Cicero
389 3171 421 3234 in
444 3171 555 3234 ceteris
577 3170 641 3233 lere
663 3169 751 3233 libris
774 3169 909 3233 dictione
931 3186 1007 3233 usus
1030 3170 1091 3233 sit‘
1127 3168 1243 3233 Eadem
1268 3170 1332 3235 iere
1354 3171 1434 3235 ratio
1458 3174 1506 3235 est
1528 3190 1637 3234 earnm
1653 3170 1867 3253 epistolarum,
1890 3188 1969 3252 qnae

181 3259 220 3322 ad
244 3257 424 3323 Ciceronem
447 3255 539 3319 datae
562 3258 645 3319 sunt.
690 3253 773 3318 Nam
797 3255 849 3335 qni
872 3272 924 3319 eas
947 3255 1207 3337 consumpserunt,
1230 3256 1289 3339 ipsi
1313 3275 1435 3338 qnoque
1458 3257 1497 3321 ad
1517 3255 1703 3321 familiarem
1723 3252 1872 3338 loquendi
1895 3274 1969 3319 con·

181 3343 379 3408 suetudinem
395 3360 488 3422 quam
509 3341 647 3424 proxime
664 3343 863 3405 accesserunt
885 3344 979 3421 atque
998 3341 1094 3404 etiam
1114 3340 1188 3421 inde
1206 3343 1307 3405 multa
1327 3342 1595 3425 deprompserunt,
1619 3360 1698 3423 quae
1713 3360 1752 3405 ne
1775 3343 1807 3404 in
1830 3340 1969 3424 epistolis

180 3428 306 3511 quidem
328 3428 368 3492 ad
392 3428 534 3490 Atticum
557 3427 661 3491 missis
683 3423 935 3490 inveniantur.**
978 3424 1087 3489 Eidem
1110 3429 1217 3490 tamen
1240 3446 1311 3490 cnm
1341 3427 1424 3492 doeti
1455 3433 1487 3492 et
1509 3428 1623 3492 eruditi
1643 3428 1786 3491 homines
1809 3429 1915 3491 essent
1936 3426 1968 3488 in

180 3515 278 3595 iisque
302 3517 441 3578 oratores
465 3509 613 3593 (Caelius,
637 3512 763 3576 Asinius
785 3510 909 3592 Pollio),
932 3530 1036 3575 rernm
1060 3511 1227 3594 scriptores
1247 3510 1436 3595 (Lucceius),
1457 3515 1490 3577 in
1512 3514 1581 3578 aliis
1604 3513 1781 3596 scriptionis
1804 3513 1969 3594 generibus

180 3601 293 3665 vermti
314 3597 495 3683 (Sulpicius,
515 3595 656 3675 Caecina,
677 3596 805 3674 Matina,
827 3592 1014 3680 Trebonius)
1038 3600 1070 3661 et
1093 3615 1164 3663 omn
1182 3597 1308 3675 scirent,
1331 3600 1381 3664 cui
1400 3600 1582 3678 scriberent,
1605 3616 1719 3686 purum
1733 3602 1827 3683 atquc
1843 3599 1969 3681 elegans

264 3905 277 3933 *
295 3904 361 3957 llius
378 3903 430 3956 tria
448 3906 642 3970 programmata
659 3904 691 3956 de
709 3920 748 3968 eo,
773 3920 824 3971 quo
842 3904 934 3957 Cicero
958 3903 986 3957 in
1005 3904 1125 3972 epistolis
1142 3921 1209 3958 usus
1226 3907 1275 3972 est,
1293 3921 1414 3959 sermone
1437 3922 1523 3973 nuper
1540 3905 1568 3957 in
1583 3921 1670 3958 unam
1689 3903 1800 3958 collecta
1816 3904 1971 3972 prodierunt

180 3973 291 4119 Oppelss*
304 3976 434 4110 laffo‘rssrum
448 4039 599 4120 ,discrimen
618 4040 781 4093 intercedere
799 4040 934 4119 intrabas
952 4041 1078 4118 prietolas
1096 4045 1192 4095 etuas.
1212 4059 1278 4110 ‹prrao
1297 4043 1329 4095 ad
1349 4041 1493 4096 larariliarcs
1512 4042 1667 4118 ‹latae-sint,
1691 4040 1894 4119 ll'bllilinusuin
1914 4041 1968 4093 dis-

179 4113 321 4163 sertatione
332 4109 542 4175 ,Bemerlrungon
561 4108 626 4160 uber
643 4109 691 4160 das
708 4108 900 4172 Vuluiirlatern‘
918 4109 968 4162 Phr
980 4109 1055 4175 elego
1072 4109 1193 4163 XXXIV
1213 4128 1237 4179 p.
1255 4114 1387 4165 lat-loo
1405 4111 1504 4163 inserta
1522 4112 1622 4173 stabant,
1641 4127 1720 4179 spiram
1739 4113 1872 4176 excerpsit
1883 4108 1968 4162 Har‘re

179 4177 290 4235 tZtschr.
303 4177 320 4229 f.
334 4178 358 4229 d.
372 4176 589 4245 (lyme-Wesen.
609 4175 713 4229 XXXI.
732 4176 860 4229 Novemb.
875 4180 962 4234 rarat:
981 4179 1052 4232 ..llas
1065 4179 1149 4232 (icere
1167 4178 1431 4233 derllricflittoratnr
1449 4178 1628 4245 aelrleebturp,r
1645 4179 1705 4230 dem
1724 4194 1811 4229 sermo
1828 4177 1968 4230 farrriliaris

179 4247 241 4299 oder
259 4245 379 4312 plebeius
399 4245 574 4303 zuzuwciaon,
593 4245 632 4298 sai
650 4246 815 4298 unstatthalt.
852 4246 952 4298 (lorado
976 4247 1020 4299 die
1044 4253 1223 4311 scanenanuton
1246 4249 1374 4316 epistolae
1397 4249 1430 4302 ad
1455 4247 1599 4301 larariliarna
1622 4249 1711 4300 luittcu
1740 4245 1863 4298 zicnrlicb
1881 4245 1969 4312 menig

179 4315 229 4369 mit
246 4315 306 4367 dem
325 4330 410 4367 serane
429 4314 569 4387 furniliaris
588 4332 621 4368 zu
639 4315 714 4381 thnn,
733 4330 856 4382 wogegeu
875 4314 918 4366 die
930 4314 1061 4382 epistulae
1079 4317 1111 4369 ad
1124 4318 1242 4371 Atticum
1262 4319 1312 4370 last
1323 4316 1505 4384 durabglnaig
1523 4317 1573 4369 dou
1587 4316 1724 4368 l'ertaeser
1741 4315 1778 4367 im
1792 4313 1968 4367 stilistisclren

179 4382 331 4437 Hauskittel
350 4382 460 4449 zeigten.
497 4384 602 4437 Ciceros
624 4383 712 4437 Brieie
736 4383 810 4437 scien
834 4388 912 4436 unter
935 4383 994 4437 sich
1018 4400 1048 4436 so
1071 4385 1134 4437 sehr
1154 4386 1337 4452 versebiedon,
1365 4386 1426 4439 dass
1450 4402 1478 4438 er·
1498 4385 1525 4453 jo
1549 4384 1618 4436 nareh
1640 4384 1699 4436 dem
1719 4383 1878 4436 adressaten
1901 4398 1967 4453 ganz

178 4453 274 4506 audens
293 4450 422 4505 schreibe.
458 4450 516 4503 Nur
534 4450 563 4503 in
580 4453 631 4504 den
643 4451 750 4504 Briesen
769 4453 802 4505 ad
822 4455 874 4505 att.
894 4456 1005 4519 grabatto
1023 4452 1080 4506 sicb
1095 4453 1122 4507 C.
1141 4454 1192 4506 den
1211 4454 1338 4521 vulgarem
1352 4454 1491 4508 Ausdrnclr
1511 4453 1676 4506 commodum
1696 4452 1782 4518 (eben)
1801 4452 1850 4504 mit
1866 4450 1967 4518 folgen-

179 4521 239 4572 dem
257 4536 319 4574 curn
337 4537 359 4573 c.
378 4519 431 4572 ind.
451 4519 514 4587 perf.
534 4520 711 4585 (commodum
730 4521 900 4579 discesseras,
919 4537 979 4575 eum
998 4522 1082 4585 venia
1101 4523 1155 4575 und
1174 4524 1342 4588 ror-ariegond
1371 4524 1398 4575 in
1422 4523 1512 4575 diesen
1531 4521 1637 4575 Brielen
1661 4521 1704 4573 die
1723 4520 1866 4587 Wendung
1889 4536 1968 4573 narra

178 4588 228 4640 tibi
247 4588 341 4651 (denke
359 4589 419 4654 dir),
437 4587 548 4641 namabo
566 4587 615 4639 tibi
631 4587 686 4651 ticli
704 4588 760 4641 will
772 4589 814 4642 dir
826 4592 908 4642 etwas
920 4596 1019 4655 sagon).
1055 4590 1109 4642 Das
1121 4591 1315 4652 verstdrkcnde,
1334 4592 1385 4644 mit
1396 4590 1553 4659 adjectivae
1564 4591 1619 4643 und
1631 4589 1784 4644 adverbium
1797 4589 1967 4642 rerbrmdene

182 4656 246 4709 bene
265 4656 361 4722 gehbre
379 4658 426 4709 der
443 4655 640 4726 Vollrssprache
658 4672 692 4708 an
711 4656 793 4715 (Cmal
810 4656 847 4709 im
867 4656 927 4710 bell.
946 4657 997 4711 His
1008 4659 1070 4722 ran.)
1093 4659 1147 4711 und
1170 4659 1238 4713 habe
1263 4659 1321 4713 sich
1340 4661 1393 4713 last
1409 4659 1623 4726 unrechtrne'issig
1641 4659 1668 4713 in
1687 4657 1730 4710 die
1748 4657 1893 4713 litteratur
1911 4657 1967 4710 eiu·

179 4725 312 4792 gedrdngt,
330 4741 382 4777 ron
401 4724 429 4776 C.
448 4726 537 4778 wiirde
555 4741 584 4778 es
602 4724 665 4778 sehr
682 4725 720 4778 oa
737 4724 765 4777 in
783 4724 835 4777 den
851 4724 967 4790 Brielen,
990 4675 1096 4778 Creilich
1120 4727 1190 4780 auch
1216 4728 1245 4780 in
1266 4728 1318 4781 den
1335 4728 1425 4782 Reden
1444 4729 1498 4780 und
1517 4726 1751 4796 plrilesophischen
1770 4725 1903 4780 Schriften
1922 4739 1966 4793 ge-

178 4791 298 4857 braucht,
316 4792 434 4859 dagegen
446 4809 498 4845 von
510 4795 597 4858 tb'iear,
616 4793 723 4849 Sallust.
741 4793 836 4847 Livius
855 4793 915 4860 (imit
926 4795 1080 4847 Ausnabmo
1098 4812 1151 4848 rou
1162 4800 1203 4863 ⁶28,
1218 4800 1257 4860 dl,
1271 4801 1305 4864 8),
1324 4796 1460 4862 Quinctil,
1472 4796 1578 4849 Tacitus
1590 4796 1768 4849 versehmtibt.
1793 4791 1968 4864 Consentiunt

180 4880 241 4915 oum
261 4862 303 4914 his
321 4877 360 4927 ea,
385 4875 451 4928 quae
474 4859 613 4936 saoneres
637 4863 669 4915 de
692 4862 799 4930 ,nrrllus‘
822 4879 869 4931 pro
891 4866 960 4928 ,non‘
985 4863 1071 4932 posito
1094 4864 1246 4919 observavit
1268 4884 1292 4933 p.
1316 4869 1362 4919 31:
1387 4867 1519 4934 pertinent
1543 4881 1606 4917 roro
1628 4865 1681 4917 huc
1705 4864 1765 4927 loci,
1790 4881 1822 4917 ox
1845 4858 1967 4928 epistolas

179 4931 267 5055 &ige
285 4929 393 5053 qffidem
384 4928 548 5054 ει(11111110119111
566 4931 671 5051 reptetiti
689 4949 790 4999 earnes,
808 4932 848 4987 hi:
866 4931 957 4989 nullus
975 4932 1050 4987 venit
1067 4931 1115 5002 XI,
1135 4937 1176 5004 ¹24,
1195 4938 1222 5002 ‘¹3
1241 4933 1331 4990 nullus
1349 4934 1496 4990 discederet
1512 4932 1573 5000 XV,
1591 4935 1639 5001 ‘2¹23
1656 4932 1730 5002 XIV,
1747 4937 1799 5002 3,1
1819 4928 1969 4985 Cornmbus

248 5015 294 5053 nn
334 5014 366 5053 us
437 5014 471 5052 uc
489 5012 527 5052 sc.
545 5013 607 5050 rem

1783 5082 1849 5157 rr‘
