4366 5454
1029 427 1171 518 J]

199 638 282 704 suut,
307 650 387 714 quae
410 631 640 710 Quinctilianus
671 630 812 712 pluribus
835 629 912 692 locis
940 627 983 708 (1,
1012 630 1041 706 6,
1065 631 1119 704 29;
1148 631 1178 705 4,
1209 632 1238 703 2,
1264 630 1337 703 128;
1362 632 1391 703 6,
1414 630 1443 703 3,
1467 630 1524 701 416
1554 629 1582 704 8,
1607 632 1636 703 6,
1659 630 1714 710 53)
1738 633 1771 694 66
1794 633 1886 696 duct.
1911 631 1994 697 DiaL

198 721 236 784 de
266 716 387 781 Orator.
412 719 451 780 21
483 716 520 779 de
543 733 579 779 eo
602 715 826 779 iudicaverunt.
872 713 896 776 u
921 716 1145 779 recentioribus
1172 718 1297 798 praeter
1318 713 1503 793 Bernhardy
1528 717 1560 777 et
1590 713 1709 778 Teuffel
1736 716 1871 780 Ellendt.
1896 715 1993 800 (Hist.

198 804 392 884 eloquentiae
411 800 524 879 Rom),
548 799 699 879 Suringar
720 797 776 879 (Μ.
799 799 896 865 Caelii
918 799 991 864 Rufi
1014 804 1046 864 66
1068 800 1110 863 M.
1134 800 1228 864 Tullii
1250 798 1313 863 Cic.
1337 799 1485 880 epistolae
1506 802 1635 863 mutuae
1653 799 1751 881 Lugd.
1775 800 1845 865 Bat.
1871 800 1994 883 1845)*

199 894 230 956 66
253 888 288 950 Β.
313 887 401 952 Nalre
433 885 502 968 (der
524 885 643 950 Briefw.
669 906 720 949 66.
744 885 808 950 Gic.
833 885 896 949 und
920 882 1053 960 Caelius,
1076 885 1270 949 Fleckeisens
1285 884 1394 950 Jahrb.
1411 885 1460 960 89,
1485 901 1554 963 pag.
1571 885 1697 948 66-68
1721 889 1754 949 66
1770 887 1818 950 116
1833 887 1876 950 M.
1897 886 1994 952 Caelii

197 976 270 1040 Ruti
300 973 390 1054 epist.
423 971 527 1052 Symb.
557 971 631 1054 phil.
661 971 760 1036 Bonn.
788 974 880 1046 1867,
911 989 940 1051 p.
971 970 1153 1050 373-3841
1178 973 1323 1034 accurate
1346 970 1385 1034 de
1407 989 1442 1035 eo
1472 969 1719 1051 disputaverunt.
1764 970 1879 1036 Omnes
1901 973 1993 1036 1666

198 1059 398 1126 consentiunt
422 1055 562 1121 Gaelium
583 1057 741 1121 hominem
769 1057 1011 1140 depravatorum
1032 1056 1122 1119 illum
1145 1055 1270 1136 quidem
1292 1075 1423 1131 morum,
1447 1055 1501 1118 sed
1525 1054 1639 1118 summi
1665 1055 1781 1136 ingenii
1801 1056 1907 1122 fuisse.
1951 1058 1994 1122 ut

198 1162 271 1211 6666
294 1143 490 1225 perfacetum
512 1146 606 1224 atque
630 1144 882 1225 peringeniosum
906 1158 976 1205 eum
998 1141 1095 1205 fuisse
1118 1159 1179 1204 non
1202 1141 1303 1204 solum
1326 1160 1426 1215 66666,
1461 1159 1539 1221 quas
1561 1156 1657 1220 supra
1684 1143 1858 1218 attulimus,
1887 1144 1925 1207 ab
1956 1160 1992 1206 66

198 1229 335 1313 primum
365 1228 525 1302 inventae,
558 1229 612 1292 sed
646 1229 742 1292 etiam
773 1229 906 1311 plurima
938 1228 1090 1291 translate
1118 1226 1203 1290 dicta
1233 1226 1465 1299 demonstrant,
1501 1242 1581 1306 quac
1610 1242 1646 1288 ex
1677 1227 1820 1292 omnibus
1851 1228 1992 1310 epistolis

199 1313 330 1380 collecta
361 1313 495 1394 primum
527 1313 664 1394 proferre
694 1314 779 1377 libet.
834 1318 939 1396 Atque
963 1315 991 1387 8,
1022 1313 1050 1386 1,
1081 1313 1242 1375 46666666
1283 1309 1454 1395 Septimam
1481 1311 1634 1390 legionem
1662 1313 1885 1395 vapulasse
1916 1314 1935 1378 i.
1966 1331 1991 1377 e.

199 1398 423 1464 detrimentum
456 1399 628 1481 accepisse;
661 1401 689 1469 8,
721 1400 750 1473 2,
779 1402 798 1462 2
823 1400 996 1463 nobilem
1020 1415 1137 1475 agere
1164 1402 1196 1460 et
1225 1398 1327 1471 817,
1354 1399 1368 1459 l
1401 1396 1613 1460 mirificum
1641 1396 1760 1460 civem
1789 1399 1871 1480 agis
1895 1396 1991 1481 (apud

199 1485 322 1549 Terent.
348 1487 380 1545 et
397 1481 580 1547 Ciceronem
598 1484 708 1548 histrio
731 1485 884 1558 lenonem,
909 1502 1032 1549 servum
1056 1501 1147 1563 agere
1164 1482 1306 1562 dicitur);
1331 1485 1359 1557 8,
1382 1485 1411 1555 4,
1430 1483 1450 1544 4
1472 1480 1554 1544 Nam
1575 1481 1606 1543 in
1622 1481 1810 1564 disputando
1826 1484 1992 1555 coniecit

196 1571 282 1634 illam
310 1587 416 1632 vocem
449 1567 503 1632 Gn.
530 1569 697 1652 Pompeius
728 1574 760 1633 et
783 1572 811 1639 8,
838 1572 887 1643 11,
915 1569 991 1632 816
1013 1587 1109 1631 unam
1132 1586 1198 1631 rem
1221 1569 1320 1631 omnis
1348 1567 1506 1631 contentio
1529 1565 1669 1630 66616666
1701 1572 1749 1632 666
1773 1566 1893 1650 (Cicero
1926 1570 1991 1652 ipse

197 1654 337 1720 conicere
354 1653 532 1727 maledicta,
552 1655 668 1718 crimen
683 1656 715 1717 in
732 1655 867 1736 aliquem
886 1649 991 1732 dixit);
1016 1656 1044 1728 8,
1060 1656 1088 1726 5,
1102 1657 1120 1716 2
1138 1654 1321 1724 tralaticius,
1339 1655 1367 1726 8,
1382 1657 1410 1725 5,
1425 1656 1444 1715 8
1460 1653 1497 1715 16
1508 1652 1631 1716 666166
1650 1652 1688 1715 66
1701 1654 1793 1717 rebus
1804 1658 1993 1737 usurpatum

196 1742 237 1823 (si
261 1773 301 1782 -
322 1739 432 1802 eadem
457 1740 537 1803 actio
561 1740 600 1803 de
623 1739 789 1822 provinciis
812 1736 978 1820 introibit),
1002 1740 1146 1803 similiter
1169 1741 1196 1813 8,
1223 1740 1270 1804 16.
1294 1741 1330 1801 2:
1354 1759 1372 1802 a
1395 1736 1426 1802 66
1450 1739 1573 1801 litterae
1596 1757 1657 1827 non
1681 1744 1841 1814 venerunt,
1866 1742 1894 1816 8,
1919 1742 1947 1815 6,
1971 1744 1990 1802 2

196 1826 360 1891 abicere
388 1825 636 1906 postulationem
666 1824 742 1907 (Cic.
775 1826 852 1890 abio.
887 1827 1040 1898 timorem,
1069 1824 1184 1898 vitam,
1206 1823 1309 1889 Livius
1341 1824 1399 1888 abi.
1428 1825 1530 1903 legem
1557 1823 1665 1901 dixit);
1700 1824 1729 1898 8,
1760 1826 1789 1896 6,
1820 1828 1839 1888 3
1865 1823 1992 1890 Curioni

194 1915 303 1975 nostro
336 1908 514 1973 tribunatus
547 1912 792 1991 conglaciat
816 1911 892 1991 (616.
922 1911 958 1974 66
993 1909 1065 1973 Ν66.
1097 1910 1178 1971 deor.
1208 1911 1263 1984 21,
1296 1910 1352 1980 16,
1384 1912 1425 1972 26
1456 1909 1514 1972 hoc
1544 1909 1636 1971 verbo
1664 1910 1787 1991 proprie
1817 1911 1933 1984 utitur;
1959 1912 1992 1974 in

197 2016 243 2080 ep.
270 1994 309 2069 ll,
337 1997 384 2068 18,
419 1996 448 2067 8,
478 2014 539 2074 qua
568 1993 674 2059 Gicero
707 1997 745 2059 ad
769 1995 864 2060 Caelii
895 1999 995 2078 668,
1024 1995 1236 2077 6666666616,
1268 1995 1410 2057 similiter
1431 1995 1560 2056 uerbum
1589 1994 1770 2073 congelandi
1802 1995 1991 2059 translatum

197 2086 260 2146 est:
284 2080 464 2159 congelasse
488 2084 632 2144 nostrum
655 2082 791 2144 amicum
815 2083 955 2146 laetabor
979 2082 1052 2144 otio.
1090 2078 1208 2157 Quibus
1231 2080 1332 2143 verbis
1356 2078 1562 2161 praecedunt:
1587 2078 1663 2141 llrat
1680 2078 1712 2140 16
1732 2080 1839 2143 eadem
1860 2081 1992 2163 epistola

196 2170 344 2231 veternus
367 2164 534 2246 civitatis);
571 2166 643 2229 ibid.
674 2167 742 2230 Nisi
765 2186 821 2247 ego
852 2187 924 2231 cum
958 2165 1142 2230 tabernariis
1173 2170 1204 2228 et
1234 2165 1369 2244 66666116
1396 2182 1577 2246 pugnarem,
1612 2167 1804 2228 veternus
1833 2167 1992 2231 civitatem

197 2254 391 2332 occupasset.
438 2250 556 2314 Eodem
579 2253 746 2333 pertinent,
778 2271 856 2333 quae
880 2255 1070 2333 sequuntur:
1105 2251 1131 2313 61
1153 2249 1262 2314 Parthi
1285 2269 1338 2313 666
1362 2251 1404 2312 611
1439 2249 1673 2323 calfaciunt,
1708 2268 1765 2313 nos
1795 2251 1845 2314 hic
1877 2250 1992 2332 frigore

196 2337 458 2415 frigescimus
483 2341 514 2399 et
538 2334 555 2415 ᾖ
578 2339 597 2399 t
622 2335 710 2414 Quod
734 2338 790 2400 tibi
814 2356 908 2418 supra
929 2336 1039 2419 scripsi
1056 2335 1222 2398 Curionem
1245 2335 1333 2398 valde
1358 2335 1523 2414 frigere,
1546 2334 1608 2397 iarn
1632 2335 1750 2398 calet:
1774 2337 1991 2400 6616166666-

197 2421 316 2487 tissime
340 2419 694 2504 concerpiturlverbum
717 2423 922 2505 concerpendi
945 2423 1056 2502 ipsum,
1080 2425 1117 2484 ut
1139 2421 1267 2502 simplex
1292 2438 1426 2502 carpere,
1447 2420 1598 2484 translate
1614 2421 1743 2494 dictum,
1768 2422 1826 2484 hoc
1846 2441 1907 2485 uuo
1923 2423 1990 2486 loco

196 2506 376 2585 invenitur).
418 2509 446 2578 8,
471 2510 499 2581 8,
526 2509 540 2570 1
567 2506 599 2570 C.
624 2506 841 2590 Sempronium
865 2508 991 2577 Rufrmr,
1020 2507 1091 2569 mel
1121 2525 1157 2569 66
1179 2506 1304 2570 66116166
1327 2512 1398 2568 6666
1423 2506 1470 2570 661
1493 2524 1510 2568 6
1532 2503 1644 2568 Plauto
1667 2510 1831 2571 mutuatus
1854 2526 1921 2570 esse
1943 2508 1990 2571 vel

196 2612 213 2656 6
237 2610 378 2655 sermone
402 2592 549 2656 fauriliari
578 2594 692 2674 petisse
716 2594 847 2656 videtur.
894 2596 922 2658 8.
947 2597 975 2667 8,
1000 2595 1018 2654 2
1042 2611 1103 2672 quo
1124 2596 1214 2655 vento
1239 2592 1389 2673 proicitur
1410 2592 1531 2674 Appius
1554 2590 1668 2665 minor;
1697 2592 1737 2653 11).
1761 2590 1778 2671 ἓ
1802 2594 1821 2654 8
1845 2593 1991 2656 Servilius

196 2678 356 2743 6666166
383 2675 461 2739 Pilio
485 2678 685 2741 tradetur.
733 2681 761 2751 8,
785 2680 814 2748 9,
840 2680 852 2741 1
881 2679 978 2742 ciuem
1010 2678 1126 2740 bonum
1157 2677 1272 2751 ludit;
1303 2681 1332 2748 8,
1363 2678 1410 2750 16,
1443 2680 1461 2738 2
1495 2675 1690 2739 6611116661
1722 2678 1814 2740 611661
1838 2678 1991 2759 Ξ611616

115 2785 117 2788 ’
192 2763 325 2835 ’6161666ς
349 2763 389 2824 11).
418 2763 553 2826 excitare
578 2783 735 2827 sermones
760 2762 880 2842 (Cicero
905 2764 970 2846 ipse
995 2781 1057 2826 cxc.
1081 2762 1207 2828 fletum.
1240 2764 1347 2837 risum,
1378 2764 1523 2845 plausum
1546 2759 1653 2842 dixit);
1682 2762 1722 2824 11).
1751 2762 1768 2842 g
1797 2765 1817 2825 8
1846 2763 1990 2826 efficax

195 2848 235 2913 ad
253 2848 410 2910 hominenr
435 2849 632 2925 translatum,
651 2854 687 2912 ut
699 2849 781 2931 apud
799 2849 908 2913 Horat.
931 2849 1027 2931 Epod.
1052 2851 1080 2922 8,
1105 2848 1154 2910 17.
1193 2853 1221 2922 8,
1247 2850 1295 2923 11,
1322 2852 1335 2911 l
1361 2849 1398 2911 16
1419 2848 1578 2913 difficilem
1599 2848 1737 2911 nodum
1759 2847 1990 2924 incidere,**

196 2932 213 3012 6
231 2937 249 2995 2
272 2934 526 2997 intercessionem
549 2952 721 2998 evocare
741 2934 862 3014 (Cicero
878 2935 944 3016 ipse
962 2935 1021 2998 hoc
1036 2934 1166 2996 verbum
1183 2935 1334 2997 translate
1349 2935 1520 3016 usurpavit,
1540 2951 1612 2998 curn
1637 2932 1715 2995 dixit
1738 2934 1990 3005 ,nriserioordiam

196 3016 348 3095 evocare‘)
373 3018 413 3080 11).
439 3017 456 3096 5
480 3020 500 3080 8
523 3017 644 3083 86666
666 3022 710 3083 661
734 3021 832 3084 666166
855 3022 939 3085 haec.
987 3021 1016 3094 8,
1043 3020 1132 3092 13,1
1167 3026 1270 3083 cetera
1295 3024 1399 3083 aetate
1430 3021 1492 3083 iarn
1525 3022 1600 3084 sunt
1622 3018 1796 3082 decussa.
1842 3020 1989 3094 8,14,2

195 3100 345 3164 invidiosa
376 3104 555 3167 coniunctio
587 3140 624 3147 -
655 3106 693 3168 66
726 3106 842 3169 bellum
871 3126 908 3168 ee
941 3104 1071 3186 erupit
1098 3102 1160 3186 (ap.
1191 3103 1277 3169 Caes.
1309 3107 1336 3168 b.
1360 3125 1385 3168 c.
1410 3107 1438 3177 2,
1471 3106 1519 3178 14,
1551 3108 1565 3165 1
1592 3105 1698 3167 hostes
1722 3123 1754 3167 66
1777 3123 1915 3186 erupere,
1940 3124 1989 3186 66.

195 3185 311 3263 Vergil.
337 3185 449 3268 Georg.
475 3191 504 3252 4.
529 3191 591 3253 868
615 3209 646 3253 66
671 3191 806 3273 erumpit
828 3188 979 3273 Enipeus)
1008 3191 1048 3253 11).
1078 3187 1094 3268 ἓ
1122 3192 1288 3254 46616666
1319 3191 1418 3254 facere
1451 3191 1519 3269 (cfr.
1550 3189 1686 3270 Georges
1716 3209 1739 3253 s.
1764 3210 1789 3252 6.
1814 3188 1989 3268 ostentum)

195 3272 235 3335 ib.
262 3270 450 3336 Persuasum
484 3278 532 3338 666
561 3277 589 3339 61
620 3294 782 3339 censuram
812 3278 985 3341 lomentum
1017 3278 1073 3339 aut
1103 3276 1222 3339 nitrum
1250 3295 1327 3351 esse,
1357 3276 1397 3338 ib.
1428 3275 1607 3348 discordias,
1636 3294 1713 3356 quas
1745 3276 1862 3338 ferrum
1891 3277 1990 3339 66616

194 3356 353 3419 iudicabit.
401 3360 430 3425 8,
466 3361 513 3427 17,
546 3361 561 3423 l
588 3362 836 3425 66166666161616
860 3381 909 3426 me
933 3361 1096 3444 paullatim
1124 3361 1157 3423 in
1185 3363 1264 3424 hauc
1296 3360 1449 3442 perditam
1480 3379 1607 3424 causam
1635 3361 1819 3442 imposuit
1849 3358 1988 3439 (Petron.

195 3441 332 3527 periculo
364 3442 452 3523 imp.)
486 3445 524 3506 ib.
556 3444 573 3523 ,6
603 3449 622 3507 2
651 3466 708 3508 666
736 3447 881 3510 videmini
911 3446 1109 3526 intellegere,
1144 3465 1205 3528 666
1233 3465 1290 3509 666
1321 3451 1524 3528 pateamus
1552 3454 1584 3509 66
1617 3464 1679 3526 qua
1706 3446 1804 3508 simus
1833 3444 1989 3510 imbecilli.

195 3525 326 3591 Accedit
359 3529 387 3599 8,
416 3531 445 3591 5.
479 3531 498 3591 3
528 3528 607 3593 Sane
638 3535 799 3612 tamquam
830 3532 862 3594 in
896 3532 1032 3614 quodam
1067 3532 1182 3595 incili
1215 3532 1277 3594 iam
1307 3531 1410 3595 omnia
1440 3530 1665 3605 adhaeserunt,
1700 3530 1783 3611 quod
1819 3531 1918 3594 simile
1951 3551 1989 3597 ne

196 3614 338 3694 ineptum
371 3632 437 3676 esse
469 3618 569 3694 putes,
599 3616 648 3679 fac
677 3621 804 3699 reputes
834 3616 983 3691 Caelium,
1015 3635 1086 3680 curn
1114 3637 1150 3681 ea
1178 3617 1336 3692 scriberet,
1367 3615 1560 3680 aedilitatem
1591 3616 1732 3698 gessisse.
1756 3651 1797 3659 —
1827 3619 1895 3697 Age
1919 3637 1990 3682 vero

197 3718 242 3772 ea,
272 3715 350 3776 quae
384 3704 508 3779 praeter
537 3702 687 3766 translate
718 3703 802 3767 dicta
832 3703 903 3782 plus
933 3703 1074 3766 minusve
1104 3703 1143 3765 ab
1174 3703 1350 3783 aequalium
1384 3702 1572 3784 scriptorum
1605 3721 1663 3768 usu
1692 3703 1883 3786 discrepant,
1914 3722 1990 3767 con·

197 3782 378 3848 sideramus.
425 3787 529 3865 Atque
551 3786 583 3849 16
607 3788 724 3869 primae
747 3787 897 3869 epistolae
922 3786 939 3866 g·
965 3789 980 3849 l
1006 3784 1129 3852 Caelius
1142 3786 1245 3855 ,6666
1268 3806 1389 3869 opera
1420 3805 1475 3868 pro
1498 3789 1615 3851 usitato
1639 3788 1754 3861 ,dedita
1776 3792 1878 3870 opera‘
1902 3788 1989 3863 dixit,

197 3869 278 3951 quod
313 3867 391 3930 Ρ116.
427 3869 482 3952 Ep.
516 3872 553 3942 7,
585 3872 623 3934 12
652 3876 728 3936 extr.
759 3873 901 3936 imitatus
933 3877 989 3936 est.
1043 3873 1099 3954 Ep.
1132 3873 1167 3946 8,
1204 3873 1219 3935 1
1256 3872 1408 3936 delectem
1442 3873 1573 3936 otiolum
1605 3891 1710 3936 meum
1743 3873 1877 3936 breviter
1912 3872 1990 3937 dixit

196 3971 253 4037 pro
285 3972 342 4026 ,me
376 3954 529 4019 delectem
562 3958 593 4019 in
625 3962 659 4023 ot
684 3962 734 4020 nn‘
779 3958 836 4040 Ep.
868 3961 897 4022 4.
928 3960 947 4019 2
978 3963 1015 4021 66
1045 3976 1084 4022 66
1113 3958 1192 4020 1666
1214 3957 1280 4039 1666
1302 3958 1422 4040 primus
1446 3956 1567 4021 Caelius
1597 3958 1709 4021 dixisse
1732 3957 1862 4032 videtur,
1895 3976 1989 4038 quern

196 4043 268 4122 post
299 4038 433 4117 Vergil,
469 4040 588 4114 Liuius,
622 4043 676 4105 alii
708 4045 808 4106 secuti
841 4048 932 4114 sunt,
973 4042 990 4123 6
1022 4046 1041 4105 3
1074 4042 1237 4124 praetoriis
1270 4043 1348 4106 dixit
1379 4043 1493 4107 omisso
1528 4055 1591 4106 666.
1627 4043 1770 4107 comitiis.
1815 4041 1870 4123 Ep.
1899 4043 1932 4116 8,
1971 4045 1985 4105 l

198 4124 385 4190 calumniam
417 4125 497 4189 ferre
521 4125 671 4206 (Georges
695 4146 718 4190 s.
746 4148 771 4190 6.
797 4128 933 4191 calumni
962 4129 1056 4192 uertit
1073 4127 1124 4192 fur
1142 4128 1231 4192 einen
1247 4127 1438 4193 Schilraneur
1457 4129 1573 4192 erklart
1590 4125 1731 4208 werden)
1748 4127 1830 4211 apud
1847 4125 1988 4191 Caelium

197 4211 298 4276 solum
327 4209 492 4291 reperitur.
538 4211 655 4276 Contra
682 4212 765 4293 quod
795 4209 910 4276 ibidem
940 4218 1044 4278 exstat
1076 4211 1143 4289 ,tibi
1174 4233 1229 4297 pro
1258 4214 1406 4278 beneficio
1429 4214 1568 4286 dederit‘,
1599 4213 1836 4278 Ciceronianum
1859 4230 1925 4276 esse
1952 4214 1989 4277 de

196 4294 577 4366 off.l,15demonstrat.
612 4297 702 4377 Quod
725 4296 742 4379 6
766 4299 785 4362 8
808 4302 857 4363 666
880 4299 1119 4363 calumniam
1140 4299 1275 4363 iurare
1297 4299 1434 4381 Georges
1454 4298 1601 4382 Sulpicio,
1624 4317 1686 4361 non
1706 4296 1810 4361 Caelio
1833 4298 1988 4363 attribuit.

195 4379 213 4461 ξ
236 4383 256 4444 9
280 4379 564 4443 confidentiam
587 4383 712 4464 (conlid.
736 4403 793 4448 vox
816 4404 835 4448 a
856 4384 971 4448 Plauto
1001 4384 1201 4466 frequentata
1222 4382 1284 4465 est)
1312 4385 1462 4449 afferre
1491 4385 1575 4448 solus
1599 4382 1721 4447 Caelius
1747 4382 1833 4447 dixit.
1878 4383 1934 4465 Ep.
1958 4387 1988 4460 9,

198 4468 213 4529 l
239 4467 360 4530 risum
384 4465 514 4529 facere
537 4465 703 4545 invenitur,
736 4489 808 4534 cum
832 4469 938 4534 Cicero
970 4470 1069 4534 risum
1092 4489 1215 4534 movere
1242 4470 1362 4543 dixerit,
1392 4468 1410 4549 6
1433 4473 1452 4532 2
1483 4488 1548 4533 666.
1571 4469 1726 4533 successio
1748 4494 1791 4520 =
1814 4468 1988 4550 Nachfolge

194 4553 239 4615 im
262 4554 347 4621 Amt,
373 4552 468 4615 etiarn
500 4552 531 4615 in
561 4572 607 4633 ep.
633 4552 725 4616 Bruti
747 4555 912 4620 invenitur.
958 4555 1015 4636 Ep.
1042 4557 1090 4628 10,
1113 4556 1133 4616 3
1156 4555 1266 4630 inde,
1290 4558 1391 4637 post,
1415 4555 1549 4627 rimum',
1577 4554 1610 4617 16
1632 4555 1865 4619 enumeratione
1897 4573 1988 4619 usur·

194 4639 306 4717 patum
338 4641 394 4699 666.
442 4638 498 4720 Ep.
526 4638 573 4715 ll,
605 4640 623 4700 2
654 4636 716 4719 (his
739 4640 861 4719 gratiae
883 4644 959 4704 sunt
981 4639 1129 4719 agendae,
1160 4639 1244 4720 quod
1271 4575 1413 4720 tantum)
1439 4642 1643 4715 ,voluntatem
1668 4640 1881 4704 ostendemnt‘
1905 4638 1987 4721 apud

282 4873 294 4900 *
313 4871 392 4925 Hunc
410 4871 508 4925 librum
527 4875 557 4926 ut
573 4872 741 4941 inspicerem,
759 4875 827 4927 mihi
844 4893 897 4928 non
915 4874 1016 4943 obtigit

268 4940 296 4968 **
314 4940 390 4994 Hunc
412 4939 574 4994 locutionem
592 4941 706 5008 Georges
730 4957 750 4994 s.
770 4959 795 4993 v.
813 4943 898 4996 nodus
916 4942 1037 4996 Ciceroni
1061 4944 1190 4997 attribuit.
1226 4944 1302 4998 idem
1326 4941 1397 4996 valet
1412 4943 1442 4996 in
1463 4944 1500 5010 lb,
1519 4946 1543 5007 b,
1562 4945 1577 4994 2
1595 4958 1617 4997 s.
1634 4959 1659 4996 6.
1678 4941 1868 5010 praerogatiua.
1906 4943 1945 5007 10,
1965 4939 1989 5002 4,

195 5009 211 5059 2
230 5023 250 5059 6.
268 5023 294 5060 v.
313 5025 374 5063 care
392 5026 408 5063 a
428 5009 510 5064 Bruto
528 5010 674 5078 profectum
692 5009 766 5076 dicit,
785 5011 854 5076 quod
872 5009 966 5063 Planci
984 5013 1032 5078 666,
1051 5012 1098 5064 616.
1118 5015 1142 5079 8,
1160 5015 1184 5078 8,
1203 5013 1228 5064 3.
1263 5013 1295 5067 16
1319 5011 1417 5079 quibua
1439 5011 1490 5064 6661
1513 5014 1630 5065 erratum
1646 5013 1695 5077 666,
1718 5013 1807 5064 tamen
1829 5010 1916 5063 facere
1936 5019 1992 5081 non

193 5090 312 5145 6666666,
331 5078 397 5145 quin
418 5079 523 5145 maguis
542 5078 665 5133 laudibus
684 5077 760 5130 illurn
778 5075 860 5130 lexici
878 5083 1012 5132 auctorem
1030 5079 1147 5147 efferam,
1166 5079 1236 5147 quod
1253 5080 1459 5150 diligentissime
1475 5080 1556 5134 etiarn
1567 5079 1596 5132 in
1608 5079 1657 5133 has
1668 5076 1795 5145 epistolas
1809 5074 1993 5145 inquisiverit·

1837 5183 1852 5233 3
